@mastersthesis{jaan2023,
  title={Monitoring parallel file system usage in a high-performance computer cluster},
  author={Tollander de Balsch, Jaan},
  year={2023},
  month={February},
  address={Espoo, Finland},
  school={Aalto University},
}
