@manual{lustredocs,
    url={https://doc.lustre.org/lustre_manual.xhtml},
    title={Lustre* Software Release 2.X: Operations Manual},
    author={},
    organization={lustre.org},
    year={2022},
    month={June},
}

@manual{linuxmanpages,
    url={https://www.kernel.org/doc/man-pages/},
    title={The Linux man-pages project},
    author={Kerrisk, Michael},
    year={2022},
}

@book{tlpi,
    author = {Kerrisk, Michael},
    title = {The Linux Programming Interface: A Linux and UNIX System Programming Handbook},
    year = {2010},
    isbn = {1593272200},
    publisher = {No Starch Press},
    address = {USA},
    edition = {1st},
    url={https://man7.org/tlpi/},
}

