@article{lustre-storage-architecture,
  title={The Lustre Storage Architecture},
  author={Braam, Peter},
  journal={CoRR},
  year={2019},
  url={http://arxiv.org/abs/1903.01955},
  eprinttype={arXiv},
  eprint={1903.01955},
}

@article{io_500_benchmark,
  title={Establishing the IO-500 benchmark},
  author={Kunkel, J and Bent, John and Lofstead, Jay and Markomanolis, George S},
  journal={White Paper},
  year={2016}
}

@article{performance_linear_algebra,
  title={Performance of various computers using standard linear equations software},
  author={Dongarra, Jack},
  journal={ACM SIGARCH Computer Architecture News},
  volume={20},
  number={3},
  pages={22--44},
  year={1992},
  publisher={ACM New York, NY, USA}
}

@article{linpack_benchmark,
  title={The LINPACK benchmark: past, present and future},
  author={Dongarra, Jack and Luszczek, Piotr and Petitet, Antoine},
  journal={Concurrency and Computation: practice and experience},
  volume={15},
  number={9},
  pages={803--820},
  year={2003},
  publisher={Wiley Online Library}
}

@article{julia_fresh_approach,
  title={Julia: A fresh approach to numerical computing},
  author={Bezanson, Jeff and Edelman, Alan and Karpinski, Stefan and Shah, Viral},
  journal={SIAM review},
  volume={59},
  number={1},
  pages={65--98},
  year={2017},
  publisher={SIAM},
  url={https://doi.org/10.1137/141000671},
}

@article{julia_plots,
  title={Plots.jl -- a user extendable plotting API for the julia programming language},
  author={Christ, Simon and Schwabeneder, Daniel and Rackauckas, Christopher and Borregaard, Michael Krabbe and Breloff, Thomas},
  keywords={Graphics (cs.GR), FOS: Computer and information sciences, FOS: Computer and information sciences, I.3.3},
  publisher={arXiv},
  year={2022},
  doi={10.48550/ARXIV.2204.08775},
  url={https://arxiv.org/abs/2204.08775},
}

