@book{tlpi,
    author = {Kerrisk, Michael},
    title = {The Linux Programming Interface: A Linux and UNIX System Programming Handbook},
    year = {2010},
    isbn = {1593272200},
    publisher = {No Starch Press},
    address = {USA},
    edition = {1st},
    url={https://man7.org/tlpi/},
}

@book{parallel-and-high-performance-computing,
    title={Parallel and High Performance Computing},
    author={Robey, Robert and Zamora, Yuliana},
    isbn={9781617296468},
    url={https://www.manning.com/books/parallel-and-high-performance-computing},
    year={2021},
    publisher={Manning}
}
