@inproceedings{understanding-io-behaviour,
  author={Paul, Arnab and Faaland, Olaf and Moody, Adam and Gonsiorowski, Elsa and Mohror, Kathryn and Butt, Ali},
  booktitle={2020 IEEE 27th International Conference on High Performance Computing, Data, and Analytics}, 
  title={Understanding HPC Application {I/O} Behavior Using System Level Statistics}, 
  year={2020},
  volume={},
  number={},
  pages={202-211},
  doi={10.1109/HiPC50609.2020.00034}
}

@inproceedings{efficient-metadata-indexing,
  author={Paul, Arnab and Wang, Brian and Rutman, Nathan and Spitz, Cory and Butt, Ali},
  booktitle={2020 20th IEEE/ACM International Symposium on Cluster, Cloud and Internet Computing},
  title={Efficient Metadata Indexing for HPC Storage Systems},
  year={2020},
  volume={},
  number={},
  pages={162-171},
  doi={10.1109/CCGrid49817.2020.00-77}
}

@inproceedings{year-in-life-of-parallel-file-system,
  title={A year in the life of a parallel file system},
  author={Lockwood, Glenn and Snyder, Shane and Wang, Teng and Byna, Suren and Carns, Philip and Wright, Nicholas},
  booktitle={SC18: International Conference for High Performance Computing, Networking, Storage and Analysis},
  pages={931--943},
  year={2018},
  organization={IEEE},
  doi={10.1109/SC.2018.00077}
}

@inproceedings{io_load_balancing,
  title={{I/O} load balancing for big data {HPC} applications},
  author={Paul, Arnab and Goyal, Arpit and Wang, Feiyi and Oral, Sarp and Butt, Ali and Brim, Michael and Srinivasa, Sangeetha},
  booktitle={2017 IEEE International Conference on Big Data},
  pages={233--242},
  year={2017},
  organization={IEEE},
  doi={10.1109/BigData.2017.8257931}
}

@inproceedings{daos_and_friends,
  title={DAOS and friends: a proposal for an exascale storage system},
  author={Lofstead, Jay and Jimenez, Ivo and Maltzahn, Carlos and Koziol, Quincey and Bent, John and Barton, Eric},
  booktitle={SC'16: Proceedings of the International Conference for High Performance Computing, Networking, Storage and Analysis},
  pages={585--596},
  year={2016},
  organization={IEEE},
  doi={10.1109/SC.2016.49}
}

@inproceedings{object_centric_data,
  title={Toward scalable and asynchronous object-centric data management for {HPC}},
  author={Tang, Houjun and Byna, Suren and Tessier, Fran{\c{c}}ois and Wang, Teng and Dong, Bin and Mu, Jingqing and Koziol, Quincey and Soumagne, Jerome and Vishwanath, Venkatram and Liu, Jialin and others},
  booktitle={2018 18th IEEE/ACM International Symposium on Cluster, Cloud and Grid Computing},
  pages={113--122},
  year={2018},
  organization={IEEE},
  doi={10.1109/CCGRID.2018.00026}
}

@inproceedings{ooops,
  title={OOOPS: an innovative tool for IO workload management on supercomputers},
  author={Huang, Lei and Liu, Si},
  booktitle={2020 IEEE 26th International Conference on Parallel and Distributed Systems},
  pages={486--493},
  year={2020},
  organization={IEEE},
  doi={10.1109/ICPADS51040.2020.00069}
}

@inproceedings{toward_understanding_io_behavior,
  title={Toward understanding {I/O} behavior in HPC workflows},
  author={L{\"u}ttgau, Jakob and Snyder, Shane and Carns, Philip and Wozniak, Justin and Kunkel, Julian and Ludwig, Thomas},
  booktitle={2018 IEEE/ACM 3rd International Workshop on Parallel Data Storage \& Data Intensive Scalable Computing Systems (PDSW-DISCS)},
  pages={64--75},
  year={2018},
  organization={IEEE},
  doi={10.1109/PDSW-DISCS.2018.00012}
}

@inproceedings{understanding_io_behavior,
  title={Understanding {I/O} Behavior in Scientific and Data-Intensive Computing},
  author={Carns, Philip and Kunkel, Julian and Mohror, Kathryn and Schulz, Martin},
  booktitle={Dagstuhl Reports},
  volume={11},
  number={7},
  year={2021},
  organization={Schloss Dagstuhl-Leibniz-Zentrum f{\"u}r Informatik}
}

@inproceedings{slurm,
  title={Slurm: Simple linux utility for resource management},
  author={Yoo, Andy and Jette, Morris and Grondona, Mark},
  booktitle={Workshop on job scheduling strategies for parallel processing},
  pages={44--60},
  year={2003},
  organization={Springer},
  doi={10.1007/10968987_3}
}

@inproceedings{tacc-io-guideline,
  author={Liu, Si and Huang, Lei and Liu, Hang and Ruhela, Amit and Trueheart, Virginia and Lindsey, Susan and Yuan, Quan},
  title={Practice Guideline for Heavy {I/O} Workloads with Lustre File Systems on TACC Supercomputers},
  year={2021},
  isbn={9781450382922},
  publisher={Association for Computing Machinery},
  address={New York, NY, USA},
  doi={10.1145/3437359.3465570},
  booktitle={Practice and Experience in Advanced Research Computing},
  articleno={5},
  numpages={8},
  keywords={User support, Parallel I/O, Best practice, Lustre, Supercomputers, MDS, OSS, Input/Output},
  location={Boston, MA, USA},
  series={PEARC '21}
}

