@manual{docs-csc,
  url={https://docs.csc.fi/},
  title={Docs CSC},
  author={},
  organization={CSC - IT Center for Science},
  year={2022},
}

@manual{docs-lustre,
  url={https://doc.lustre.org/lustre_manual.xhtml},
  title={Lustre* Software Release 2.X: Operations Manual},
  author={},
  organization={OpenSFS and EOFS},
  year={2022},
  month={June},
}

@manual{lustre-monitoring-guide,
  url={https://wiki.lustre.org/Lustre_Monitoring_and_Statistics_Guide},
  title={Lustre Monitoring and Statistics Guide},
  author={},
  organization={OpenSFS and EOFS},
  year={2022},
  month={October},
}

@manual{docs-timescale,
  url={https://docs.timescale.com/},
  title={TimescaleDB documentation},
  author={},
  organization={Timescale, Inc},
  year={2022},
}

@manual{man-pages,
  url={https://www.kernel.org/doc/man-pages/},
  title={The Linux man-pages project},
  author={Kerrisk, Michael},
  year={2022},
}

@manual{docs-slurm,
  url={https://slurm.schedmd.com/},
  title={Slurm Workload Manager},
  organization={SchedMD},
  year={2022},
}

@manual{view-for-clusterstor,
  url={https://support.hpe.com/hpesc/public/docDisplay?docId=a00114944en_us},
  title={View for ClusterStor Installation and Configuration Guide},
  organization={Cray Inc},
  year={2022},
}

