@online{osfam,
  url={https://www.top500.org/statistics/details/osfam/1/},
  title={TOP500 - Operating System Family / Linux},
  year={2022},
}

@online{jobid-atomic,
  url={https://jira.whamcloud.com/browse/LU-16251},
  title={Fill jobid in an atomic way},
  year={2022},
}

@online{lustre-job-stats-metric-aggregation,
  url={https://lustre.ornl.gov/ecosystem-2016/documents/tutorials/Hanley-OLCF-JobStats.pdf},
  title={Lustre Job Stats Metric Aggregation at OLCF},
  author={Hanley, Jesse and Mohr, Rick},
  year={2016},
  month={March}
}

@online{fine-grained-file-system-monitoring,
  url={https://www.opensfs.org/wp-content/uploads/2014/04/D3_S31_FineGrainedFileSystemMonitoringwithLustreJobstat.pdf},
  title={Fine-grained File System Monitoring with Lustre Jobstat},
  author={Rodwell, Daniel and Fitzhenry, Patrick},
  year={2014},
  month={March}
}

@software{linux-kernel-source,
  url={https://github.com/torvalds/linux},
  title={Linux kernel},
  author={Torvals, Linus and others},
}

@software{ddn-insight,
  url={https://www.ddn.com/products/storage-monitoring-ddn-insight/},
  title={DDN Insight},
  organization={DataDirect Networks},
  year={2022},
}

@software{influxdb,
  title={InfluxDB},
  organization={InfluxData, Inc},
  year={2022},
  url={https://www.influxdata.com/},
}

@software{timescaledb,
  title={TimescaleDB},
  organization={Timescale, Inc},
  year={2022},
  url={https://www.timescale.com/},
}

@software{go_language,
  title={Go Programming Language},
  author={Griesemer, Robert and Pike, Rob and Thompson, Ken and others},
  url={https://go.dev/},
}

@software{julia_language,
  title={The Julia Programming Language},
  author={Bezanson, Jeff and Edelman, Alan and Karpinski, Stefan and Shah, Viral and others},
  url={https://julialang.org/},
}

@software{julia_dataframes,
  title={DataFrames.jl - In-memory tabular data in Julia},
  author={Kamiński, Bogumił and others},
  url={https://github.com/JuliaData/DataFrames.jl},
}

@software{gr_framework,
  author={Josef Heinen and others},
  title={{GR Framework}},
  year={1985-2020},
  url={https://gr-framework.org/},
}
